@misc{REN,
  title={Dados T{\'e}cnicos 2016},
  author={Nacionais, Redes Energ{\'e}ticas},
  year={2016},
  publisher={Lisboa: REN}
}

@misc{e2p,
  title={Wind Farms in Portugal},
  author={Portuguese Renewable Energy Association, APREN},
  year={2016},
  publisher={Lisboa: E2P}
}

@misc{apren,
  title={Eletricidade Renovável Em Revista},
  author={Portuguese Renewable Energy Association, APREN},
  year={2016},
  publisher={Lisboa: APREN}
}


@misc{REN-site,
        Author = {REN},
        Title = {O SETOR ELÉTRICO},
        URL = {https://www.ren.pt/pt-PT/o_que_fazemos/eletricidade/o_setor_eletrico/},
        Year = {2017}
}

@article{gil2010analise,
  title={An{\'a}lise e Previs{\~a}o da Evolu{\c{c}}{\~a}o do Custo da Eletricidade em Portugal},
  author={Gil, Jo{\~a}o},
  journal={Instituto superior T{\'e}cnico, Universidade T{\'e}cnica de Lisboa, Portugal},
  year={2010}
}